<?xml version="1.0" encoding="UTF-8"?><collection xmlns="http://www.loc.gov/MARC21/slim"><record><leader>00411nam--2200133-i-4500</leader><controlfield tag="001">000036222</controlfield><controlfield tag="002">20161230</controlfield><controlfield tag="005">20161230201040</controlfield><controlfield tag="008">060222s1000------------r-----000-0-eng-d</controlfield><datafield ind1=" " ind2=" " tag="080"><subfield code="a">001.816</subfield></datafield><datafield ind1=" " ind2=" " tag="100"><subfield code="a">O`Connor,Maeve And Woodford,F.Peter</subfield></datafield><datafield ind1=" " ind2=" " tag="245"><subfield code="a">Writing scientific papers in english. an else-ciba foundation guide for authors</subfield></datafield><datafield ind1=" " ind2=" " tag="260"><subfield code="a">Amsterdam, Elsevier-excerpta Medica, 1976. Vii+108p</subfield></datafield><datafield ind1=" " ind2=" " tag="852"><subfield code="a">43324</subfield></datafield></record></collection>